<record xmlns="http://www.loc.gov/MARC21/slim" xmlns:xsi="http://www.w3.org/2001/XMLSchema-instance" xsi:schemaLocation="http://www.loc.gov/MARC21/slim http://www.loc.gov/standards/marcxml/schema/MARC21slim.xsd">

  <leader>00510nam a2200181Ia 4500</leader>
  <datafield ind2=" " tag="999" ind1=" ">
    <subfield code="c">1310</subfield>
    <subfield code="d">1310</subfield>
  </datafield>
  <controlfield tag="008">170605b1969    us ||||| |||| 00| u e   d</controlfield>
  <datafield tag="090" ind2=" " ind1=" ">
    <subfield code="a">05. 01.02 </subfield>
    <subfield code="b">1391</subfield>
  </datafield>
  <datafield ind1="1" ind2=" " tag="100">
    <subfield code="a">Myrdal, Gunnar</subfield>
    <subfield code="9">2901</subfield>
  </datafield>
  <datafield tag="245" ind2="0" ind1="1">
    <subfield code="a">Objectivity in Social Research / </subfield>
    <subfield code="c">Myrdal, Gunnar</subfield>
  </datafield>
  <datafield ind1=" " ind2=" " tag="260">
    <subfield code="a">New York : </subfield>
    <subfield code="b">Pantheon Books, </subfield>
    <subfield code="c">1969</subfield>
  </datafield>
  <datafield ind1=" " tag="300" ind2=" ">
    <subfield code="a">111 páginas</subfield>
  </datafield>
  <datafield ind2="4" tag="650" ind1="1">
    <subfield code="a">CIENCIAS SOCIALES </subfield>
    <subfield code="9">276</subfield>
  </datafield>
  <datafield ind1="1" tag="650" ind2="4">
    <subfield code="a">CREENCIA</subfield>
    <subfield code="9">1343</subfield>
  </datafield>
  <datafield ind2="4" tag="650" ind1="1">
    <subfield code="a">OPINIÓN</subfield>
    <subfield code="9">1361</subfield>
  </datafield>
  <datafield ind1="1" ind2="4" tag="650">
    <subfield code="a">ESTADO</subfield>
    <subfield code="9">17</subfield>
  </datafield>
  <datafield tag="651" ind2="4" ind1=" ">
    <subfield code="a">ESTADOS UNIDOS</subfield>
    <subfield code="9">372</subfield>
  </datafield>
  <datafield ind1=" " tag="942" ind2=" ">
    <subfield code="2">z</subfield>
    <subfield code="c">01</subfield>
  </datafield>
</record>